

@article{semeter_determination_2005,
	title = {Determination of primary electron spectra from incoherent scatter radar measurements of the auroral {E} region},
	volume = {40},
	issn = {1944-799X},
	url = {https://onlinelibrary.wiley.com/doi/abs/10.1029/2004RS003042},
	doi = {10.1029/2004RS003042},
	number = {2},
	urldate = {2022-05-02},
	journal = {Radio Science},
	author = {Semeter, Joshua and Kamalabadi, Farzad},
	year = {2005},
}

@article{fang_parameterization_2010,
	title = {Parameterization of monoenergetic electron impact ionization},
	volume = {37},
	issn = {1944-8007},
	url = {https://onlinelibrary.wiley.com/doi/abs/10.1029/2010GL045406},
	doi = {10.1029/2010GL045406},
	number = {22},
	urldate = {2022-05-30},
	journal = {Geophysical Research Letters},
	author = {Fang, Xiaohua and Randall, Cora E. and Lummerzheim, Dirk and Wang, Wenbin and Lu, Gang and Solomon, Stanley C. and Frahm, Rudy A.},
	year = {2010},
}
